% Encoding: UTF-8
@Manual{novathesis-manual,
	title       = {{The NOVAthesis \LaTeX\ Template User's Manual}},
	author      = {João M. Lourenço},
	organization={ NOVA University Lisbon},
	year        = {2021},
	url         = {https://github.com/joaomlourenco/novathesis/raw/master/template.pdf},
	keywords    = {novathesis-manual},
}

@InProceedings{ Artho04,
	author       = "Cyrille Artho and Klaus Havelund and Armin Biere",
	title        = "Using Block-Local Atomicity to Detect Stale-Value Concurrency Errors",
	booktitle    = "ATVA",
	year         = "2004",
	pages        = "150--164",
	crossref     = "DBLP:conf/atva/2004",
	bibsource    = "DBLP, http://dblp.uni-trier.de",
	ee           = "http://springerlink.metapress.com/openurl.asp?genre=article{\&}issn=0302-9743{\&}volume=3299{\&}spage=150",
}

@misc{ Parkins2017,
	author       = "Parkins, David",
	booktitle    = "Economist (United Kingdom)",
	issn         = "00130613",
	mendeley     = "I4.0/BigData",
	number       = "9035",
	title        = "{Regulating the internet giants: The world's most valuable resource is no longer oil, but data}",
	url          = "https://www.economist.com/leaders/2017/05/06/the-worlds-most-valuable-resource-is-no-longer-oil-but-data?fbclid=IwAR1EaO3g6OJoDuhrHBNyqQJAqR2NyhvcZ07uexTWa3Hujq0azNMVHKhQido",
	urldate      = "2020-01-21",
	volume       = "413",
	year         = "2017",
}

@Misc{ Artho03,
	author       = "C. Artho and K. Havelund and A. Biere",
	title        = "High-Level Data Races",
	text         = "C. Artho, K. Havelund, and A. Biere. High-Level Data Races. In VVEIS'03, The First International Workshop on Verification and Validation of Enterprise Information Systems, April 2003. Angers, France.",
	year         = "2003",
	url          = "citeseer.ist.psu.edu/artho03highlevel.html",
}

@Article{ Beckman08,
	title        = "Verifying Correct Usage of Atomic Blocks and Typestate",
	author       = "Nels E. Beckman and Kevin Bierhoff and Jonathan Aldrich",
	publisher    = "ACM",
	address      = "New York, NY, USA",
	journal      = "SIGPLAN Not.",
	pages        = "227--244",
	volume       = "43",
	number       = "10",
	year         = "2008",
	issn         = "0362-1340",
	doi          = "http://doi.acm.org/10.1145/1449955.1449783",
}

@InProceedings{ Flanagan04,
	author       = "Cormac Flanagan and Stephen N Freund",
	title        = "Atomizer: a dynamic atomicity checker for multithreaded programs",
	booktitle    = "POPL '04: Proceedings of the 31st ACM SIGPLAN-SIGACT symposium on Principles of programming languages",
	year         = "2004",
	isbn         = "1-58113-729-X",
	pages        = "256--267",
	location     = "Venice, Italy",
	doi          = "http://doi.acm.org/10.1145/964001.964023",
	publisher    = "ACM",
	address      = "New York, NY, USA",
}

@Misc{ IBM-Rep,
	title        = "{IBM's Concurrency Testing Repository}",
}

@InProceedings{ Praun03,
	author       = "Christoph {von Praun} and Thomas R. Gross",        
	title        = "Static Detection of Atomicity Violations in Object-Oriented Programs",
	booktitle    = "Journal of Object Technology",
	year         = "2003",
	pages        = "2004",
}

@InProceedings{ Shavit95,
	author       = "Nir Shavit and Dan Touitou",
	title        = "Software transactional memory",
	booktitle    = "PODC '95: Proceedings of the fourteenth annual ACM symposium on Principles of distributed computing",
	year         = "1995",
	isbn         = "0-89791-710-3",
	pages        = "204--213",
	location     = "Ottowa, Ontario, Canada",
	doi          = "http://doi.acm.org/10.1145/224964.224987",
	publisher    = "ACM",
	address      = "New York, NY, USA",
}

@Book{ Silberschatz06,
	author       = "Abraham Silberschatz and Henry F. Korth and S. Sudarshan",
	title        = "Database System Concepts",
	publisher    = "McGraw-Hill",
	year         = "2006",
	edition      = "Fifth",
	isbn         = "007-124476-X",
}

@Book{ Moss85,
	author       = "J. Eliot B. Moss",
	title        = "Nested transactions: an approach to reliable distributed computing",
	year         = "1985",
	isbn         = "0-262-13200-1",
	publisher    = "Massachusetts Institute of Technology",
	address      = "Cambridge, MA, USA",
}

@Proceedings{ DBLP:conf/atva/2004,
	editor       = "Farn Wang",
	title        = "Automated Technology for Verification and Analysis: Second International Conference, ATVA 2004, Taipei, Taiwan, ROC, October 31-November 3, 2004. Proceedings",
	booktitle    = "ATVA",
	publisher    = "Springer",
	series       = "Lecture Notes in Computer Science",
	volume       = "3299",
	year         = "2004",
	isbn         = "3-540-23610-4",
	bibsource    = "DBLP, http://dblp.uni-trier.de",
}

@InProceedings{ecoop12-dias,
	author       = "Dias, Ricardo J. and Distefano, Dino and Seco, J. C. and Lourenço, João M.",
	booktitle    = "Proceedings of the 26th European conference on Object-oriented programming ({ECOOP}'12)",
	title        = "Verification of Snapshot Isolation in Transactional Memory Java Programs",
	year         = "2012",
	month        = jun,
	publisher    = "Springer-Verlag",
}

% 1. Estudos prévios - Bibliografia =======================================

% Agriculture, Infrastructure, Safety: -----------------------------------------
@article{Zeder2011TheOO,
	title	= {The Origins of Agriculture in the Near East},
	author  = {Melinda A. Zeder},
	journal = {Current Anthropology},
	year	= {2011},
	volume	= {52},
	pages	= {S221 - S235}
}

@Book{Roe1926,
	author	  = "Joseph Wickham Roe",
	title	  = "English and American Tool Builders",
	year	  = "1926",
	publisher = "McGraw-Hill Book Company, Inc.",
}%	pages	  = {109 - 164}

@article{dixon_2021,
	title	= {Siberia's wildfires are bigger than all the world's other blazes combined},
	journal	= {The Washington Post},
	author	= {Dixon, Robyn},
	date    = {2021-08-11},
}% url?

@article{roth_2021,
	title	= {Russia forest fire damage worst since records began, says Greenpeace},
	journal	= {The Guardian},
	author	= {Roth, Andrew},
	date    = {2021-09-22},
}% url?

% GPS: --------------------------------------------------
@Book{edseee_9101092,
	author	  = {Groves, Paul D.},
	title	  = {Principles of GNSS, Inertial, and Multisensor Integrated Navigation Systems, Second Edition},
	year	  = "2013",
	publisher = "Artech House",
}% month = "March"; isbn = {9781608070060},

@misc{ayers_geosystems_2011,
	place	  = {Winnipeg},
	title	  = {GNSS (GPS and GLONASS) Positioning used in Land Surveying and Engineering},
	journal	  = {Joint AMLS/APEGM Professional Development Seminar on GPS Best Practices Workshop},
	publisher = {Manitoba, Canada},
	author	  = {Ayers, Henri B and Leica Geosystems Ltd.},
	year	  = {2011},
	month	  = {Jan}
}

@online{gps_USGov,
	author	= {{National Coordination Office for Space-Based Positioning, Navigation, and Timing}},
	title 	= {GPS Accuracy},
	year 	= {2021},
	url 	= {https://www.gps.gov/systems/gps/performance/accuracy/}
}

% Creating Autonomous Vehicle Systems - about RTK Base Stations
@Book{8093778,
	author	= "Liu, Shaoshan and Li, Liyun and Tang, Jie and Wu, Shuang and Gaudiot, Jean-Luc",
	title	= "Creating Autonomous Vehicle Systems",
	year	= "2017",
	volume	= {},
	number	= {},
	pages	= {},
	doi		= {}
}

% articles about: RTK / BASE STATIONS / DRONES
% Beyond Vision:
@online{beRTK_2022,
	author	= {{Beyond Vision}},
	title 	= {beRTK},
	year 	= {2022},
	url 	= {https://beyond-vision.pt/bertk}
}

@ARTICLE{8955794,
	author	= {Pini, Marco and Marucco, Gianluca and Falco, Gianluca and Nicola, Mario and De Wilde, Wim},
	journal	= {IEEE Access}, 
	title	= {Experimental Testbed and Methodology for the Assessment of RTK GNSS Receivers Used in Precision Agriculture}, 
	year	= {2020},
	volume	= {8},
	number	= {},
	pages	= {14690-14703},
	doi		= {10.1109/ACCESS.2020.2965741}
}

@INPROCEEDINGS{8714161,
	author		= {Świerczynski, Slawomir and Felski, Andrzej},
	booktitle	= {2019 European Navigation Conference (ENC)}, 
	title		= {Determination of the Position Using Receivers Installed in UAV}, 
	year		= {2019},
	volume		= {},
	number		= {},
	pages		= {1-4},
	doi			= {10.1109/EURONAV.2019.8714161}
}

@INPROCEEDINGS{9292033,
	author		= {Matsuura, Yuta and Heming, Zhang and Kawai, Shin and Nobuhara, Hajime},
	booktitle	= {2020 IEEE 9th Global Conference on Consumer Electronics (GCCE)}, 
	title		= {High-Precision/Throughput Growth Measurement of Crops by Drone with Stereo Matching Based on RTK-GNSS and Single Camera}, 
	year		= {2020},
	volume		= {},
	number		= {},
	pages		= {936-939},
	doi			= {10.1109/GCCE50665.2020.9292033}
}

@INPROCEEDINGS{8642671,
	author		= {Thevenon, Paul and Vezinet, Jérémy and Estrade, Patrick},
	booktitle	= {2018 9th ESA Workshop on Satellite NavigationTechnologies and European Workshop on GNSS Signals and Signal Processing (NAVITEC)}, 
	title		= {Estimation of the Base Station Position Error in a RTK Receiver Using State Augmentation in a Kalman Filter}, 
	year		= {2018},
	volume		= {},
	number		= {},
	pages		= {1-7},
	doi			= {10.1109/NAVITEC.2018.8642671}
}

@INPROCEEDINGS{8909193,
	author		= {Akarsu, Alper and Girici, Tolga},
	booktitle	= {2019 International Symposium on Networks, Computers and Communications (ISNCC)}, 
	title		= {Resilient Deployment of Drone Base Stations}, 
	year		= {2019},
	volume		= {},
	number		= {},
	pages		= {1-5},
	doi			= {10.1109/ISNCC.2019.8909193}
}

@INPROCEEDINGS{6321639,
	author		= {He, Meilin and Pan, Yuanjin and Wen, Hongyan and Luo, Manjian},
	booktitle	= {World Automation Congress 2012}, 
	title		= {Based on a single-base station RTK control survey and precision analysis}, 
	year		= {2012},
	volume		= {},
	number		= {},
	pages		= {1-4},
	doi			= {}
}

@INPROCEEDINGS{8899609,
	author		= {Ahmed, Mir Faisal and Naveed, Emad M. and Nar, Pratham and Jindal, Sumit Kumar},
	booktitle	= {2019 International Conference on Vision Towards Emerging Trends in Communication and Networking (ViTECoN)}, 
	title		= {Design of an Autonomous drone for IoT deployment analysis}, 
	year		= {2019},
	volume		= {},
	number		= {},
	pages		= {1-4},
	doi			= {10.1109/ViTECoN.2019.8899609}
}

@INPROCEEDINGS{6423099,
	author		= {Laitinen, Heikki and Granström, Juha and Ström, Mårten and Baños, David Jiménez},
	booktitle	= {2012 6th ESA Workshop on Satellite Navigation Technologies (Navitec 2012)   European Workshop on GNSS Signals and Signal Processing}, 
	title		= {RTK+ system for precise navigation in shadowed areas}, 
	year		= {2012},
	volume		= {},
	number		= {},
	pages		= {1-7},
	doi			= {10.1109/NAVITEC.2012.6423099}
}

% Battery:
@article{ARMAND2020228708,
	title	 = {Lithium-ion batteries - Current state of the art and anticipated developments},
	journal	 = {Journal of Power Sources},
	volume 	 = {479},
	pages 	 = {228708},
	year 	 = {2020},
	issn 	 = {0378-7753},
	doi 	 = {https://doi.org/10.1016/j.jpowsour.2020.228708},
	author 	 = {Michel Armand, Peter Axmann, Dominic Bresser, Mark Copley, Kristina Edström, Christian Ekberg, Dominique Guyomard, Bernard Lestriez, Petr Novák, Martina Petranikova, Willy Porcher, Sigita Trabesinger, Margret Wohlfahrt-Mehrens and Heng Zhang}
}
	% Battery Technology Handbook - pg 289
@book{kiehne2003,
	title     = {Battery {T}echnology {H}andbook},
	author    = {H.A. Kiehne},
	editor    = {H.A. Kiehne},
	year      = {2003},
	publisher = {Marcel Dekker, Inc.},
	address   = {New York}
}

	% FUTURO DAS BATERIAS 2030+
@article{fichtner2021,
	author	 = {Fichtner, Maximilian and Edström, Kristina and Ayerbe, Elixabete and Berecibar, Maitane and Bhowmik, Arghya and Castelli, Ivano E. and Clark, Simon and Dominko, Robert and Erakca, Merve and Franco, Alejandro A. and Grimaud, Alexis and Horstmann, Birger and Latz, Arnulf and Lorrmann, Henning and Meeus, Marcel and Narayan, Rekha and Pammer, Frank and Ruhland, Janna and Stein, Helge and Vegge, Tejs and Weil, Marcel},
	title 	 = {Rechargeable Batteries of the Future—The State of the Art from a BATTERY 2030+ Perspective},
	journal  = {Advanced Energy Materials},
	year 	 = {2021},
	pages 	 = {2102904},
	doi = {https://doi.org/10.1002/aenm.202102904}
}